<?xml version="1.0" encoding="UTF-8"?><collection xmlns="http://www.loc.gov/MARC21/slim"><record><leader>00458nam--2200181-i-4500</leader><controlfield tag="001">000012260</controlfield><controlfield tag="002">20161230</controlfield><controlfield tag="005">20170102210602</controlfield><controlfield tag="008">060222s1000------------r-----000-0-eng-d</controlfield><datafield ind1=" " ind2=" " tag="020"><subfield code="a">0471129968</subfield></datafield><datafield ind1=" " ind2=" " tag="040"><subfield code="a">IFIN-HH</subfield></datafield><datafield ind1=" " ind2=" " tag="080"><subfield code="a">539.194:535.338.42(075.8)</subfield></datafield><datafield ind1="1" ind2=" " tag="100"><subfield code="a">Califano, S</subfield></datafield><datafield ind1="1" ind2="0" tag="245"><subfield code="a">Vibrational states</subfield><subfield code="c">S. Califano</subfield></datafield><datafield ind1=" " ind2=" " tag="260"><subfield code="a">London</subfield><subfield code="b">John Wiley And Sons</subfield><subfield code="c">1976</subfield></datafield><datafield ind1=" " ind2=" " tag="300"><subfield code="a">335 p</subfield></datafield><datafield ind1=" " ind2=" " tag="852"><subfield code="a">45160</subfield><subfield code="c">539.19</subfield></datafield><datafield ind1=" " ind2=" " tag="CAT"><subfield code="a">SYS</subfield><subfield code="c">20170102</subfield><subfield code="h">210602</subfield></datafield></record></collection>